@book{smith2020understanding,
  author    = {John Smith},
  title     = {Understanding AI: Principles and Practices},
  year      = {2020},
  publisher = {Tech Press},
  address   = {New York},
  edition   = {2nd}
}

@article{doe2021impact,
  author    = {Jane Doe},
  title     = {The Impact of Machine Learning on Healthcare},
  journal   = {Journal of Medical Informatics},
  year      = {2021},
  volume    = {15},
  number    = {3},
  pages     = {234--245},
  month     = {July},
  doi       = {10.1007/s11623-021-01234-5}
}

@inproceedings{lee2019advances,
  author    = {Michael Lee and Susan Green},
  title     = {Advances in Natural Language Processing},
  booktitle = {Proceedings of the 2019 Conference on Computational Linguistics},
  year      = {2019},
  pages     = {123--130},
  organization = {ACL},
  address   = {Florence, Italy}
}

@phdthesis{brown2022data,
  author    = {Emily Brown},
  title     = {Data-Driven Approaches to Climate Change Modeling},
  school    = {University of California, Berkeley},
  year      = {2022},
  address   = {Berkeley, CA}
}

@techreport{johnson2018deep,
  author    = {Robert Johnson and Anne White},
  title     = {Deep Learning for Autonomous Vehicles: A Comprehensive Study},
  institution = {MIT Artificial Intelligence Lab},
  year      = {2018},
  number    = {AI-TR-2018-03},
  address   = {Cambridge, MA}
}

@misc{wikipedia2023artificial,
  author    = {Wikipedia contributors},
  title     = {Artificial Intelligence -- Wikipedia, The Free Encyclopedia},
  year      = {2023},
  note      = {\url{https://en.wikipedia.org/wiki/Artificial_intelligence}},
  howpublished = {\texttt{[Online; accessed 19-May-2024]}}
}

@ARTICLE{IEEE_srs,
  author={},
  journal={IEEE Std 830-1984}, 
  title={IEEE Guide for Software Requirements Specifications}, 
  year={1984},
  volume={},
  number={},
  pages={1-26},
  doi={10.1109/IEEESTD.1984.119205}
}

@misc{tablegen,
author = {},
title = {Creating LaTeX tables online},
year = {(accessed September 20, 2023)}, 
howpublished = "\url{https://www.tablesgenerator.com/}"}

@misc{Equationgen1,
author = {},
title = {Online LaTeX Equation Editor },
year = {  (accessed September 25, 2023)}, 
howpublished = "\url{https://https://latexeditor.lagrida.com/}"}

@misc{Equationgen2,
author = {},
title = {Online LaTeX Equation Editor },
year = {  (accessed September 25, 2023)}, 
howpublished = "\url{https://latex.codecogs.com/eqneditor/editor.php}"}